@article{stephensinter2017,
  title={Inter-sector Return Correlations between South Africa, the United States, the United Kingdom and Europe: Evidence from the DCC Multivariate GARCH Model},
  author={Stephens, David and van Tiddens, Charlotte},
  year={2017},
  publisher={Elsevier}
}


@article{nurick2018investigation,
  title={An Investigation into the Relatively Low Uptake of Residential Stock within South African Real Estate Investment Trusts},
  author={Nurick, Saul and Boyle, Luke and Morris, Greg and Potgieter, Jacques and Allen, Oliver},
  journal={Journal of African Real Estate Research},
  volume={3},
  number={1},
  pages={61--80},
  year={2018}
}


@phdthesis{anderson2016place,
  title={A place for residential REITs in the South African REIT market},
  author={Anderson, Lloyd},
  year={2016},
  school={University of Pretoria}
}


@article{worzala1994overseas,
  title={Overseas property investments: how are they perceived by the institutional investor?},
  author={Worzala, Elaine},
  journal={Journal of Property Valuation and Investment},
  volume={12},
  number={3},
  pages={31--47},
  year={1994},
  publisher={MCB UP Ltd}
}


@article{austin1995risk,
  title={Risk and real estate investment: An international perspective},
  author={Austin, Jaffe and Tom G. Geurts},
  journal={Journal of Real Estate Research},
  volume={11},
  number={2},
  pages={117--130},
  year={1995},
  publisher={American Real Estate Society}
}


@article{worzala2003investing,
  title={Investing in international real estate stocks: a review of the literature},
  author={Worzala, Elaine and Sirmans, CF},
  journal={Urban Studies},
  volume={40},
  number={5-6},
  pages={1115--1149},
  year={2003},
  publisher={Sage Publications Sage UK: London, England}
}


@article{bruin2009real,
  title={Real Estate Investment Trusts and Market Sentiment in the United States \& Europe},
  author={Bruin, Thomas and Porterfield, Rebecca and Graham, Edward and Farinella, Joseph},
  journal={Annals of the International Masters of Business Administration at UNC Wilmington},
  volume={2},
  number={1},
  year={2009}
}


@inproceedings{basu2005benefits,
  title={Benefits of diversification into emerging equity markets with changing correlations: An Australian perspective},
  author={Basu, P and Gupta, R},
  booktitle={18th Australian Finance and Banking Conference},
  pages={14--16},
  year={2005}
}


@article{barry1998performance,
  title={Performance characteristics of emerging capital markets},
  author={Barry, Christopher B and Peavy Jr, John W and Rodriguez, Mauricio},
  journal={Financial Analysts Journal},
  volume={54},
  number={1},
  pages={72--80},
  year={1998},
  publisher={Taylor \& Francis}
}


@article{magas2007changing,
  title={The changing benefits of global equity investing: Developed and emerging markets, 1997--2007},
  author={Magas, I},
  journal={Acta Oeconomica},
  volume={57},
  number={4},
  pages={343--362},
  year={2007},
  publisher={Akad{\'e}miai Kiad{\'o}}
}


@article{wong2004relationship,
  title={The relationship between stock markets of major developed countries and Asian emerging markets},
  author={Wong, Wing-Keung and Penm, Jack and Terrell, Richard Deane and Ching, Karen Yann},
  journal={Journal of Applied Mathematics \& Decision Sciences},
  volume={8},
  number={4},
  pages={201--218},
  year={2004},
  publisher={Taylor \& Francis}
}


@article{chancharat2007empirical,
  title={An empirical analysis of the Thai and major international stock markets},
  author={Chancharat, Surachai and Valadkhani, Abbas},
  year={2007}
}


@article{paul1991risk,
  title={The risk-return attributes of international real estate equities},
  author={Paul, Asabere and Robert, Kleiman and Carl, McGowan},
  journal={Journal of Real Estate Research},
  volume={6},
  number={2},
  pages={143--151},
  year={1991},
  publisher={American Real Estate Society}
}


@article{seiler1999diversification,
  title={Diversification issues in real estate investment},
  author={Seiler, Michael and Webb, James and Myer, Neil},
  journal={Journal of Real Estate Literature},
  volume={7},
  number={2},
  pages={163--179},
  year={1999},
  publisher={American Real Estate Society}
}


@article{wilson2003international,
  title={International diversification of real estate assets: Is it worth it? Evidence from the literature},
  author={Wilson, Patrick and Zurbruegg, Ralf},
  journal={Journal of Real Estate Literature},
  volume={11},
  number={3},
  pages={257--278},
  year={2003},
  publisher={American Real Estate Society}
}


@article{theron2018maximum,
  title={The maximum diversification investment strategy: A portfolio performance comparison},
  author={Theron, Ludan and Van Vuuren, Gary},
  journal={Cogent Economics \& Finance},
  volume={6},
  number={1},
  pages={1427533},
  year={2018},
  publisher={Taylor \& Francis}
}


@article{choueifaty2013properties,
  title={Properties of the most diversified portfolio},
  author={Choueifaty, Yves and Froidure, Tristan and Reynier, Julien},
  journal={Journal of investment strategies},
  volume={2},
  number={2},
  pages={49--70},
  year={2013}
}


@article{bond2006performance,
  title={The performance and diversification benefits of European public real estate securities},
  author={Bond, Shaun A and Glascock, John L},
  journal={Available at SSRN 896524},
  year={2006}
}


@article{basse2009reits,
  title={REITs and the financial crisis: Empirical evidence from the US},
  author={Basse, Tobias and Friedrich, Meik and Bea, E Vazquez},
  journal={International Journal of Business and Management},
  volume={4},
  number={11},
  pages={3--10},
  year={2009}
}


@article{moss2014asia,
  title={Asia pacific listed real estate: A contextual performance analysis},
  author={Moss, Alex and Prima, AD},
  year={2014},
  publisher={APREA}
}


@article{sharma2002long,
  title={Long-term trends and cycles in ASEAN stock markets},
  author={Sharma, Subhash C and Wongbangpo, Praphan},
  journal={Review of Financial Economics},
  volume={11},
  number={4},
  pages={299--315},
  year={2002},
  publisher={Wiley Online Library}
}


@article{san2012malaysian,
  title={Malaysian real estate investment trusts: a performance and comparative analysis},
  author={San Ong, Tze and Teh, Boon Heng and Soh, Chin Hooi and Yan, Yat Liang},
  journal={International Journal of Economics and Finance},
  volume={4},
  number={5},
  pages={p73},
  year={2012}
}


@article{yang2003stock,
  title={Stock market integration and financial crises: the case of Asia},
  author={Yang, Jian and Kolari, James W and Min, Insik},
  journal={Applied Financial Economics},
  volume={13},
  number={7},
  pages={477--486},
  year={2003},
  publisher={Taylor \& Francis}
}


@article{pham2012dynamics,
  title={The dynamics of returns and volatility in the emerging and developed Asian REIT markets},
  author={Pham, Anh Khoi},
  journal={Journal of Real Estate Literature},
  volume={20},
  number={1},
  pages={79--96},
  year={2012},
  publisher={American Real Estate Society}
}



@article{niskanen2010reits,
  title={REITs and correlations with other asset classes: a European perspective},
  author={Niskanen, Jaakko and Falkenbach, Heidi},
  journal={Journal of Real Estate Portfolio Management},
  volume={16},
  number={3},
  pages={227--239},
  year={2010},
  publisher={American Real Estate Society}
}


@article{fama1997,
  title={Industry costs of equity},
  author={Fama, Eugene F and French, Kenneth R},
  journal={Journal of financial economics},
  volume={43},
  number={2},
  pages={153--193},
  year={1997},
  publisher={Elsevier}
}


@article{grinold2000,
  title={Active portfolio management},
  author={Grinold, Richard C and Kahn, Ronald N},
  year={2000},
  publisher={McGraw Hill New York, NY}
}



@article{engle2002dynamic,
  title={Dynamic conditional correlation: A simple class of multivariate generalized autoregressive conditional heteroskedasticity models},
  author={Engle, Robert},
  journal={Journal of Business \& Economic Statistics},
  volume={20},
  number={3},
  pages={339--350},
  year={2002},
  publisher={Taylor \& Francis}
}

@misc{katzke2019multivariate,
  author = {Katzke, N.F.},
  title = {Financial Econometrics Course: Multivariate Volatility Modeling},
  url = {https://www.fmx.nfkatzke.com/posts/2019-09-06-practical-multivariate-volatility-modeling/},
  year = {2019}
}



@article{saleem2011time,
  title={Time Varying Correlations between Stock and Bond Returns: Empirical Evidence from Russia},
  author={Saleem, Kashif},
  journal={Asian Journal of Finance \& Accounting},
  volume={3},
  number={1},
  pages={1},
  year={2011},
  publisher={Macrothink Institute Inc.}
}



  @Manual{Texevier,
    title = {{Texevier}: {P}ackage to create Elsevier templates for Rmarkdown},
    author = {N.F. Katzke},
    organization = {Bureau for Economic Research},
    address = {Stellenbosch, South Africa},
    note = {version 0.1.2},
    year = {2017},
  }
